@Article{baar,
author={Debnath, Bhattacharyya AND Rahul, Ranjan AND Farkhod, Alisherov, A. AND Minkyu, Choi},
journal={International Journal of u- and e- Service, Science and Technology},
title={Biometric Authentication: A Review},
year={2009},
month={sep},
pages={16},
notes={Vol. 2, No. 3}
}
@Article{sdpub,
author={Namita, Chandra AND Ashwini, Taksal AND Dhanshri, Shinde AND Prof., Archana, Lomte},
journal={International Journal of Advanced Research in Computer Science and Software Engineering},
title={Sensitive Data Protection Using Bio-Metrics},
year={2014},
month={Jan},
pages={07},
notes={Volume 4, Issue 1, www.ijarcsse.com}
}
@Article{umhe,
author={Fong, Simon AND Zhuang, Yan},
journal={Journal of Biomedicine and Biotechnology},
title={UsingMedical History Embedded in Biometrics Medical
Card for User Identity Authentication: Privacy Preserving
Authentication Model by Features Matching},
year={2012},
month={May},
pages={11},
notes={Research Article, Department of Computer and Information Science, University 
of Macau, Taipa, Macau}
}
@Article{iams,
author={Priya, Lakshmi, G. AND Pandimadevi, M. AND Priya, Ramu, G. AND Ramya, P.},
journal={International Journal of Advanced Research in Computer and Communication Engineering},
title={Implementation of Attendance Management System using SMART-FR},
year={2014},
month={Nov},
pages={05},
notes={Vol.3, Issue 11}
}


@book {biometric, author={Mable, Condon}, 
title={Introduction to Biometrics}, 
publisher={Library Press}, 
year={2016} }
@Article{cabs,
author={Manivannan AND Padma},
journal={International Journal on Computer Science and Engineering},
title={Comparative and Analysis of Biometric Systems},
year={2011},
month={May},
pages={07},
notes={Vol.3 No. 5, SCSVMV University, Kanchipuram Tamil Nadu, India}
}
@book
{pois,
author={Whitman, E., Michael AND Mattord, J., Herbert},
title={Principles of Information Security, Fourth Edition},
publisher={Cengage Learning, www.course.com},
year={2012}
}
@book
{cspp,
author={Stallings, William AND Brown, Lawrie},
title={Computer Security Principles and Pratices, Third Edition},
publisher={Pearson Education, Inc, www.allitebooks.com},
year={2015}
}
@misc
{loi1,
author={Etat du Cameroun},
title={Loi n°2010/012 du 21 decembre 2010 relative à la cybersécurité et la cybercriminalité au Cameroun},
month={Décembre},
year={2010},
note={}
}


@Article{sram, 
author={Jing-Chiou, Liou AND Gregory, Egan and Jay K., Patel AND Sujith, Bhashyam}, 
journal={Departement of Computer Science, Kean University, USA}, 
title={A Sophisticated RFID Application on Multi-Factor Authentication}, 
year={2014}, month={}, 
pages={}, 
notes={}
 } 

@Article{gao, 
author={GAO}, 
journal={United States General Accounting Office}, 
title={Using Biometrics for Border Security}, 
year={2002}, month={November}, 
pages={}, 
notes={GAO-03-174 Biometrics for Border Security}
 } 

@Article{cabs, 
author={Manivannan and Padma}, 
journal={Manivannan et al. International Journal on Computer Science and Engineering (IJCSE)}, 
title={Comparative and Analysis of Biometric Systems}, 
year={2011}, month={5 May}, 
pages={7}, 
notes={mscmani01@gmail.com, priya.reachu@gmail.com }
 } 




@misc
{ibctsa,
author={Abanti, Cyrus, Makori},
title={Integration of Biometrics with Cryptographic Techniques for Secure
Authentication of Networked Data Access},
month={jul},
year={2009},
note={Information Technology, 13 pages}
}
@misc
{sbss,
author={Chien, Le},
title={A Survey of Biometrics Security Systems},
month={Nov},
year={2011},
note={http://www.cse.wustl.edu/~jain/cse571-11/ftp/biomet/index.html, Last Modified on: November 28, 2011 10 pages}
}
@misc
{fbsd,
author={Yanushkevich, S.,N.},
title={Fundamentals of Biometric System Design},
month={Jun},
year={2014},
note={38 pages}
}
@misc
{sca,
author={Smart, Card, Alliance},
title={Module 1: Smart Card Fundamentals},
month={May},
year={2015},
note={Version 5, http://www.smartcardalliance.org, 68 pages}
}
@misc
{fprc,
author={Dimitrov, Emanuil},
title={Fingerprints Recognition},
month={Jun},
year={2009},
note={Reports from MSI, School of Mathematics and Systems Engineering, Växjö University, 50 pages}
}
@misc
{uaits,
author={Gordon, Steven},
title={User Authentication, ITS335: IT Security},
month={Oct},
year={2013},
note={Sirindhorn International Institute of Technology, Thammasat University, 40 pages}
}
@misc
{pbabcf,
author={Malhadas, Machado, Filipe, Luis},
title={Perceiving is Believing, Authentication with Behavioural and Cognitive Factors},
month={Dec},
year={2016},
note={thesis, Master of Science in Computer Science and Engineering, Faculty of Sciences and Technology,
University of Lisbon, 85 pages}
}
@misc
{bbdafss,
author={Saif, Mohammed, Saeed, Abdulla, Al, Aryani},
title={Biometrics-Based Dynamic Authentication For Secure Services},
month={Apr},
year={2016},
note={thesis, Master of Science in Information Security, College of Information Technology,
Information Security Track, United Arab E1nirates University, 89 pages}
}
@misc
{ipaslasmad,
author={Stead, Edward},
title={Integration of Physical Access Security and Logical Access Security using Microsoft Active
Directory},
month={},
year={2006},
note={thesis, Computing and Management, 83 pages}
}

@Article{tresbon, 
author={Yakub K., Saheed and Moshood A.,Hambali,}, 
journal={FUOYE Journal of Engineering and Technology}, 
title={Fingerprint Based Approach for Examination Clearance in Higher Institutions}, 
year={ 2017 }, month={March}, 
pages={6}, 
notes={ISSN: 2579-0625 (Online), 2579-0617 (Paper)}
 } 

@Article{abia, 
author={Girish , Tialk and Shivamurthy}, 
journal={International Research Journal of Engineering and Technology (IRJET)}, 
title={Applications of Biometric In Automobiles}, 
year={ 2018 }, month={Feb}, 
pages={6}, 
notes={e-ISSN: 2395-0056, www.irjet.net, p-ISSN: 2395-0072}
 } 


@misc
{maric,
author={Barbara, Emma, Sanchez, Rinza AND Otto, Hernandez, gonzalez},
title={RFID Identification Cards At 13.56 Mhz Using Biometric Techniques},
month={Aug},
year={2011},
note={9th Latin American and Caribbean Conference for Engineering and Technology, August 3-5, Medellín,
Colombia, 10 pages}
}
@misc
{usdkdg,
author={Crossmatch},
title={U.are.U® SDK v3, Developer Guide},
month={Jun},
year={2006},
note={www.crossmatch.com, Revised: June 14, 2017, version 3.0.1}
}
@misc
{usdkpdl,
author={Crossmatch},
title={U.are.U® SDK v3, Platform Guide for Linux},
month={May},
year={2017},
note={www.crossmatch.com, Published: May 19, 2017 v3.0}
}
@misc
{usdkpw,
author={Crossmatch},
title={U.are.U® SDK v3, Platform Guide for Windows},
month={Feb},
year={2017},
note={www.crossmatch.com, Published: February 22, 2017 v3.0.0}
}


@phdthesis {biothese, title={Etiude d'un système complet de reconnaissance
 d'empreinte digitales pour un capteur microsystème à balayage}, 
author={Nicola, GALY}, 
school={Institut Nationale polytechnique de grenoble}, 
year={2005} } 

@manual {annexe17, title={Annexe 17 à la convention relative à l"aviation civile internationale},
 author={OACI},
 year={2011}, 
organization={Organisation de l'aviation civile internationale}
 } 


@manual {empreinte, title={Modélisation, Les empreintes digitales},
 author={Véronique Messéant},
 year={2006}, 
organization={Université de Paris VII}
 } 

@manual {biolab, title={BioLab, Fingerprint Recognition Basics and Recent Advances},
 author={Davide Maltoni},
 year={}, 
organization={University of Bologna - ITALY}
 } 

@manual {base, title={Cours de formation en surété de l'aviation civile },
 author={OBI NTUI},
 year={2017}, 
organization={OACI}
 } 

@manual {charle, title={Reconnaissance automatique des empreintes digitales },
 author={LAOUKOURA Charles},
 year={2018}, 
organization={Ecole Nationale Polythenique de Maroua}
 } 

@Article{sma, 
author={Smart, Card , Alliance}, 
journal={SmartCard  Alliance  Physical Access Council}, 
title={Smart Cards and Biometrics}, 
year={2011}, month={March}, 
pages={24}, 
notes={Publication Number: PAC-11002}
 } 

@book {sir, author={Solange, Ghernaouti}, 
title={Sécurité informatique
et réseaux}, 
publisher={DUNOD}, 
year={2004} } 


@Article{sdbt, 
author={Jitendra, Choudhary}, 
journal={International Journal of Modern Engineering Research(IJMER)}, 
title={Survey of Different Biometrics Techniques}, 
year={2012}, month={September}, 
pages={}, 
notes={ISSN: 2249-6645}
 } 

@Article{ref,
author={Durand, Patrick AND Durand, Ren\'e},
journal={Le beau journal},
title={Les tomates tueuses},
year={2007},
month={jan},
pages={24},
notes={sympathique}
}
@book
{ref2,
author={Dupont, Fernand},
title={Les choux farcis},
publisher={Un gros \'editeur},
year={2004}
}
@manual
{ref3,
title={\'eparer son vaisseau},
author={Dupont, Nestor},
year={2009},
organization={L'Alliance}
}
@misc
{ref4,
author={Les Z\'eros},
title={Le site du z\'ero},
month={jun},
year={2009},
note={www.siteduzero.com}
}



@book
{SAAD1,
author={Gary B., Shelly and Harry J., Rosenblatt},
title={Systems Analysis and Design},
publisher={COURSE TECHNOLOGY Cangage Learning, Ninth Edition},
year={2012}
}


@book
{SAAD2,
author={Jhon W., Satzinger and Robert B., Jackson and Stephen D., Burd},
title={Systems Analysis and Design IN CHANGING WORLD, Sith Edition},
publisher={COURSE TECHNOLOGY Cangage Learning, Sith Edition},
year={2012}
}



@book
{SAAD3,
author={ALAN. , Dennis and BARBARA, Haley and ROBERTA L., M. ROTH},
title={Systems Analysis and Design IN CHANGING WORLD, Sith Edition},
publisher={COURSE TECHNOLOGY Cangage Learning, Fith v  Edition},
year={2012}
}











