
@book{aa1,
author={Canada Centre for Remote Sensing Remote Sensing Tutorial},
title={Fundamentals of Remote Sensing},
publisher={Natural Resources Canada},
year={}
}


@book{aa2,
author={National Aeronautics and Space Administration,GOES-R Series Program Office,Goddard Space Flight Center },
title={GOES-R Series Data Book},
publisher={Natural Resources Canada},
year={2019}
}



@book{aa3,
author={Paul Klee},
title={Principles of Remotes Sensing},
publisher={The International Institute of Geo-Information Science and Earth Observation},
year={2019},
month={May},
}


@Article{aa4, 
author={TIMOTHY J. SCHMIT, MATHEW M. GUNSHOR , W. PAUL MENZEL , JAMES J. GURKA , JUN LI,  A. SCOT T BACHMEIER}, 
journal={AMERICAN METEOROLOGICAL SOCIETY, USA}, 
title={introducing the next generation advanced baseline imager on GOES-R}, 
year={2005}, 
month={August}, 
pages={}, 
notes={}
} 


@misc{aa5, 
author={Danielle Losos}, 
institution={NOAA, NASA}, 
title={Introducing the next generation advanced baseline imager on GOES-R}, 
year={2021}, 
month={February}, 
pages={}, 
notes={}
} 

@misc{aa6, 
author={ National Centers for Environmental Information}, 
institution={NOAA Satellite and Information Service }, 
title={CLASS Data Access Tutorial}, 
year={2015}, 
month={April}, 
pages={}, 
notes={}
}

@misc{aa7, 
author={Hualan Rui, Hiroko Beaudoing, Carlee Loeser}, 
institution={NOAA Satellite and Information Service }, 
title={README Document for NASA GLDAS Version 2 Data Products}, 
year={2021}, 
month={June}, 
pages={}, 
notes={}
}



@Article{aa8, 
author={Satya Kalluri , Christian Alcala, James Carr , Paul Griffith , William Lebair,  Dan Lindsey,Randall Race,Xiangqian Wu,Spencer Zierk }, 
journal={MDPI}, 
title={From Photons to Pixels: Processing Data from the Advanced Baseline Imager}, 
year={2018}, 
month={January}, 
pages={}, 
notes={}
} 


@Article{aa9, 
author={Xiangchen Meng , Jie Cheng, Shaohua Zhao  , Sihan Liu , Yunjun Yao}, 
journal={MDPI}, 
title={ Estimating Land Surface Temperature from Landsat-8 Data using the NOAA JPSS Enterprise Algorithm}, 
year={2018}, 
month={January}, 
pages={}, 
notes={}
} 

@Article{aa10, 
author={P. Karimi , W. G. M. Bastiaanssen}, 
journal={MDPI}, 
title={ Spatial evapotranspiration, rainfall and land use datain water accounting , Part 1: Review of the accuracy of the remote sensing data}, 
year={2015}, 
month={January}, 
pages={}, 
notes={},
publisher={Copernicus Publications on behalf of the European Geosciences Union}
} 


@online{aa11,
  author = {},
  title = {GOES-R MISSION OVERVIEW},
  year = {},  
  url = {https://www.goes-r.gov/mission/mission.html},
  urldate = {},
  note = {Accessed: 2022-02-10}
}

@online{aa12,
  author = {NASA},
  title = {GOES-R MISSION OVERVIEW},
  year={}, 
  url = {https://www.goes-r.gov/mission/history.html},
  urldate = {},
  note = {Accessed: 2022-02-10}
}



@online{aa13,
  author = {NASA},
  title = {INSTRUMENTS: ADVANCED BASELINE IMAGER (ABI)},
  year={}, 
  url = {https://www.goes-r.gov/spacesegment/abi.htmll},
  urldate = {},
  note = {Accessed: 2022-02-10}
}


@online{aa14,
  author = {NASA},
  title = {ABI TECHNICAL SUMMARY CHART},
  year={}, 
  url = {https://www.goes-r.gov/spacesegment/ABI-tech-summary.html},
  urldate = {},
  note = {Accessed: 2022-02-10}
}



@online{aa15,
  author = {NASA},
  title = {ADVANCED BASELINE IMAGER SCAN MODE INFORMATION},
  year={}, 
  url = {https://www.goes-r.gov/users/abiScanModeInfo.html},
  urldate = {},
  note = {Accessed: 2022-02-10}
}







